<?xml version="1.0"?>
<mets:mets xmlns:mets="http://www.loc.gov/METS/" xmlns:xlink="http://www.w3.org/1999/xlink" TYPE="book" OBJID="NF19770084_0001_000" LABEL="Report of the Public Education Study Committee: Jacksonville Council on Citizen Involvement Public Education Study Committee Report: Combined title page">
  <mets:metsHdr CREATEDATE="2010-06-23T16:00:49-04:00">
    <mets:agent TYPE="OTHER" OTHERROLE="METS Maker" OTHERTYPE="SOFTWARE" ROLE="OTHER">
      <mets:name>DigiTool METS Maker</mets:name>
    </mets:agent>
  </mets:metsHdr><mets:dmdSec ID="DMD1"><mets:mdWrap MDTYPE="MARC" MIMETYPE="text/xml"><mets:xmlData><record xmlns="http://www.loc.gov/MARC21/slim">
  <leader>02256nam a2200445Ia 4500</leader>
  <controlfield tag="001">QFAAA1579</controlfield>
  <controlfield tag="005">20080306170324.9</controlfield>
  <datafield tag="035" ind1=" " ind2=" ">
    <subfield code="a">(FCLAZ)AAA1579QF00001/20/200103/06/200824666BnamIa D0QF</subfield>
  </datafield>
  <controlfield tag="008">011119s1977    flu     s    l000 0 eng d</controlfield>
  <controlfield tag="006">m        d        </controlfield>
  <controlfield tag="007">cr un-</controlfield>
  <datafield tag="035" ind1=" " ind2=" ">
    <subfield code="a">(OCoLC)48454882 </subfield>
  </datafield>
  <datafield tag="035" ind1=" " ind2=" ">
    <subfield code="a">(DNX)FHP C NF 2001-01-19</subfield>
  </datafield>
  <datafield tag="035" ind1=" " ind2=" ">
    <subfield code="a">(snx)FCLA url 20010605xOCLC</subfield>
  </datafield>
  <datafield tag="035" ind1=" " ind2=" ">
    <subfield code="a">(snx)FIPS12031</subfield>
  </datafield>
  <datafield tag="040" ind1=" " ind2=" ">
    <subfield code="a">FNP</subfield>
    <subfield code="c">FNP</subfield>
  </datafield>
  <datafield tag="049" ind1=" " ind2=" ">
    <subfield code="a">FNPP</subfield>
  </datafield>
  <datafield tag="090" ind1=" " ind2=" ">
    <subfield code="a">LA260.J3</subfield>
    <subfield code="b">R46 1977a</subfield>
  </datafield>
  <datafield tag="098" ind1="9" ind2="7">
    <subfield code="a">JAX22.A3:</subfield>
    <subfield code="a">E28</subfield>
  </datafield>
  <datafield tag="245" ind1="0" ind2="0">
    <subfield code="a">Report of the Public Education Study Committee: Jacksonville Council on Citizen Involvement Public Education Study Committee Report: Combined title page</subfield>
    <subfield code="h">[electronic resource].</subfield>
  </datafield>
  <datafield tag="260" ind1=" " ind2=" ">
    <subfield code="a">Jacksonville, Fla. :</subfield>
    <subfield code="b">The Council,</subfield>
    <subfield code="c">1977.</subfield>
  </datafield>
  <datafield tag="300" ind1=" " ind2=" ">
    <subfield code="a">15, 38, 36 p. ;</subfield>
    <subfield code="c">28 cm.</subfield>
  </datafield>
  <datafield tag="500" ind1=" " ind2=" ">
    <subfield code="a">Cover title.</subfield>
  </datafield>
  <datafield tag="500" ind1=" " ind2=" ">
    <subfield code="a">"April, 1977."</subfield>
  </datafield>
  <datafield tag="505" ind1="0" ind2="0">
    <subfield code="t">Learning in kindergarten through grade six in the Duval County School District : a report /</subfield>
    <subfield code="r">prepared by the Task Force on Learning (K-6) --</subfield>
    <subfield code="t">Funding public education in Duval County, Florida : a report /</subfield>
    <subfield code="r">prepared by the Task Force on Funding --</subfield>
    <subfield code="t">Quality education and desegregation in the Duval County School District : a report /</subfield>
    <subfield code="r">prepared by the Task Force on the Federal Court Order.</subfield>
  </datafield>
  <datafield tag="533" ind1=" " ind2=" ">
    <subfield code="a">Electronic reproduction.</subfield>
    <subfield code="b">[Florida] :</subfield>
    <subfield code="c">State University System of Florida, PALMM Project,</subfield>
    <subfield code="d">2001.</subfield>
    <subfield code="f">(Florida heritage collection)</subfield>
    <subfield code="n">Mode of access: World Wide Web.</subfield>
    <subfield code="n">System requirements: Internet connectivity; Web browser software: Adobe Acrobat Reader to view and print PDF files.</subfield>
    <subfield code="n">Electronically reproduced from a book in the Main Library at the University of North Florida, Jacksonville. </subfield>
  </datafield>
  <datafield tag="539" ind1=" " ind2=" ">
    <subfield code="a">s</subfield>
    <subfield code="b">2001</subfield>
    <subfield code="d">flu</subfield>
    <subfield code="e">n</subfield>
    <subfield code="g">s</subfield>
  </datafield>
  <datafield tag="599" ind1=" " ind2=" ">
    <subfield code="a">lsm</subfield>
  </datafield>
  <datafield tag="650" ind1=" " ind2="0">
    <subfield code="a">Education</subfield>
    <subfield code="z">Florida</subfield>
    <subfield code="z">Duval County.</subfield>
  </datafield>
  <datafield tag="650" ind1=" " ind2="0">
    <subfield code="a">Education</subfield>
    <subfield code="z">Florida</subfield>
    <subfield code="z">Duval County</subfield>
    <subfield code="x">Finance.</subfield>
  </datafield>
  <datafield tag="650" ind1=" " ind2="0">
    <subfield code="a">School integration</subfield>
    <subfield code="z">Florida</subfield>
    <subfield code="z">Duval County.</subfield>
  </datafield>
  <datafield tag="650" ind1=" " ind2="0">
    <subfield code="a">Education</subfield>
    <subfield code="z">Florida</subfield>
    <subfield code="z">Jacksonville.</subfield>
  </datafield>
  <datafield tag="651" ind1=" " ind2="7">
    <subfield code="a">Duval</subfield>
    <subfield code="z">12031</subfield>
    <subfield code="2">ceeus</subfield>
  </datafield>
  <datafield tag="690" ind1=" " ind2="7">
    <subfield code="a">Contemporary Florida, 1960- </subfield>
    <subfield code="3">fh8200</subfield>
    <subfield code="2">fhp</subfield>
  </datafield>
  <datafield tag="710" ind1="2" ind2=" ">
    <subfield code="a">Jacksonville Council on Citizen Involvement, Inc.</subfield>
    <subfield code="b">Public Education Study Committee.</subfield>
  </datafield>
  <datafield tag="710" ind1="2" ind2=" ">
    <subfield code="a">PALMM (Project)</subfield>
  </datafield>
  <datafield tag="776" ind1="1" ind2=" ">
    <subfield code="c">Original</subfield>
    <subfield code="w">(OCoLC)16147590</subfield>
  </datafield>
  <datafield tag="830" ind1=" " ind2="0">
    <subfield code="a">Florida heritage collection.</subfield>
  </datafield>
  <datafield tag="852" ind1=" " ind2=" ">
    <subfield code="b">fhp</subfield>
  </datafield>
  
<datafield tag="598" ind1=" " ind2=" "><subfield code="a">NF19770084_0001_000</subfield></datafield></record></mets:xmlData></mets:mdWrap></mets:dmdSec>
  <mets:fileSec>
    <mets:fileGrp USE="reference">
      <mets:file ID="FID1" MIMETYPE="image/jpeg" SEQ="1" GROUPID="GID1">
        <mets:FLocat xlink:href="http://brokert10.fcla.edu/DLData/NF/NF19770084/0001_000/i.jpg" OTHERLOCTYPE="SYSTEM" LOCTYPE="OTHER"/>
      </mets:file>
    </mets:fileGrp>
    <mets:fileGrp USE="reference">
      <mets:file ID="FID2" MIMETYPE="application/pdf" SEQ="2" GROUPID="GID1">
        <mets:FLocat xlink:href="http://brokert10.fcla.edu/DLData/NF/NF19770084/0001_000/file1.pdf" OTHERLOCTYPE="SYSTEM" LOCTYPE="OTHER"/>
      </mets:file>
    </mets:fileGrp>
  </mets:fileSec>
  <mets:structMap TYPE="JPEG" LABEL="View">
    <mets:div DMDID="DMD1" LABEL="Report of the Public Education Study Committee: Jacksonville Council on Citizen Involvement Public Education Study Committee Report: Combined title page">
      <mets:div TYPE="chapter" LABEL="Combined title page">
        <mets:div TYPE="page" LABEL="i">
          <mets:fptr FILEID="FID1"/>
        </mets:div>
      </mets:div>
    </mets:div>
  </mets:structMap>
  <mets:structMap TYPE="PDF" LABEL="View">
    <mets:div DMDID="DMD1" LABEL="Report of the Public Education Study Committee: Jacksonville Council on Citizen Involvement Public Education Study Committee Report: Combined title page">
      <mets:div TYPE="chapter" LABEL="Combined title page">
        <mets:fptr FILEID="FID2"/>
      </mets:div>
    </mets:div>
  </mets:structMap>
</mets:mets>
